<record><leader>00000cas a22000007a 4500</leader><controlfield tag="001">27775838</controlfield><controlfield tag="008">930322d18711872txuwr ne      0    0eng d</controlfield><datafield ind1=" " ind2=" " tag="010"><subfield code="a">sn 93059239 </subfield></datafield><datafield ind1=" " ind2=" " tag="040"><subfield code="a">MGN</subfield><subfield code="b">eng</subfield><subfield code="c">MGN</subfield><subfield code="d">OCLCQ</subfield></datafield><datafield ind1=" " ind2=" " tag="042"><subfield code="a">msc</subfield></datafield><datafield ind1="0" ind2=" " tag="130"><subfield code="a">Representative (Galveston, Tex.)</subfield></datafield><datafield ind1="1" ind2="4" tag="245"><subfield code="a">The representative.</subfield></datafield><datafield ind1="3" ind2="0" tag="246"><subfield code="a">Galveston representative</subfield></datafield><datafield ind1=" " ind2=" " tag="260"><subfield code="a">Galveston, Tex. :</subfield><subfield code="b">Richard Nelson</subfield></datafield><datafield ind1=" " ind2=" " tag="300"><subfield code="a">v.</subfield></datafield><datafield ind1=" " ind2=" " tag="310"><subfield code="a">Weekly</subfield></datafield><datafield ind1="0" ind2=" " tag="362"><subfield code="a">Vol. 1, no. 1 (May 22, 1871)-</subfield></datafield><datafield ind1=" " ind2=" " tag="500"><subfield code="a">Published as: The Galveston representative, &lt;Mar. 9&gt;-Mar. 30, 1872.</subfield></datafield><datafield ind1=" " ind2=" " tag="752"><subfield code="a">United States</subfield><subfield code="b">Texas</subfield><subfield code="c">Galveston</subfield><subfield code="d">Galveston.</subfield></datafield></record>